<record><leader>00000cas a22000007a 4500</leader><controlfield tag="001">27164830</controlfield><controlfield tag="008">921223d19521957nmuwr ne      0    0eng d</controlfield><datafield ind1=" " ind2=" " tag="010"><subfield code="a">sn 92070700 </subfield></datafield><datafield ind1=" " ind2=" " tag="040"><subfield code="a">NVM</subfield><subfield code="b">eng</subfield><subfield code="c">NVM</subfield><subfield code="d">OCLCQ</subfield></datafield><datafield ind1=" " ind2=" " tag="042"><subfield code="a">msc</subfield></datafield><datafield ind1=" " ind2=" " tag="043"><subfield code="a">n-us-nm</subfield></datafield><datafield ind1="0" ind2="0" tag="245"><subfield code="a">Clovis New Mexico press.</subfield></datafield><datafield ind1=" " ind2=" " tag="260"><subfield code="a">Clovis, N.M. :</subfield><subfield code="b">Jay &amp; Myrtle Constant</subfield></datafield><datafield ind1=" " ind2=" " tag="300"><subfield code="a">v.</subfield></datafield><datafield ind1=" " ind2=" " tag="310"><subfield code="a">Weekly</subfield></datafield><datafield ind1="0" ind2=" " tag="362"><subfield code="a">Vol. 23, no. 40 (May 15, 1952)-v. 29, no. 12 (May 30, 1957).</subfield></datafield><datafield ind1=" " ind2="4" tag="651"><subfield code="a">Clovis (N.M.)</subfield><subfield code="v">Newspapers.</subfield></datafield><datafield ind1=" " ind2="4" tag="651"><subfield code="a">Curry County (N.M.)</subfield><subfield code="v">Newspapers.</subfield></datafield><datafield ind1=" " ind2=" " tag="752"><subfield code="a">United States</subfield><subfield code="b">New Mexico</subfield><subfield code="c">Curry</subfield><subfield code="d">Clovis.</subfield></datafield><datafield ind1="0" ind2="0" tag="780"><subfield code="t">New Mexico press (Clovis, N.M. : 1946)</subfield><subfield code="w">(DLC)sn 92070705</subfield></datafield><datafield ind1="1" ind2=" " tag="029"><subfield code="a">AU@</subfield><subfield code="b">000020737344</subfield></datafield></record>